@online{arm_mailbox,
    % Details of ARM-GPU IPC on the Raspberry Pi 2 (BCM2836)
    author  = {Mahesh Sreekandath},
    title   = {Mailbox - Embesses Sense},
    url     = {https://msreekan.com/tag/mailbox},
    date    = {2016},
    month   = {sep},
    day     = {13}
}

@online{rpi_firmware_wiki,
    % Official Wiki for the firmware of the Raspberry Pi
    author  = {Raspberry Pi Organisation},
    url     = {https://github.com/raspberrypi/firmware/wiki},
    date    = {2019},
    month   = {nov},
    day     = {15}
}

