@book{design-of-unix-os,
    author = {Bach, Maurice J.},
    year = {1986},
    title = {The Design of the UNIX Operating System},
    publisher = {Prentice-Hall, Inc.},
    isbn = {978-0132017992},
}

@online{osdev-wiki,
    title = {The OSDev Wiki},
    url = {wiki.osdev.org},
    urldate = {2021-10-20},
}

@book{unix-prog-env,
    author = {Kernighan, Brian W. and Pike, Rob},
    year = {1984},
    title = {The UNIX Programming Environment},
    publisher = {Prentice-Hall, Inc.},
    isbn = {978-0139376818},
}

@online{dash-shell,
    title = {Debian Almquist Shell (Dash)},
    url = {https://git.kernel.org/pub/scm/utils/dash/dash.git/},
    urldate = {2021-10-26},
}

@online{gnu-coreutils,
    title = {GNU Coreutils},
    url = {https://www.gnu.org/software/coreutils/},
    urldate = {2021-10-26},
}
