@book{design-of-unix-os,
    author = {Bach, Maurice J.},
    year = {1986},
    title = {The Design of the UNIX Operating System},
    publisher = {Prentice-Hall, Inc.},
    isbn = {978-0132017992},
}

@online{osdev-wiki,
    title = {The OSDev Wiki},
    url = {wiki.osdev.org},
    urldate = {2021-10-20},
}

@book{unix-prog-env,
    author = {Kernighan, Brian W. and Pike, Rob},
    year = {1984},
    title = {The UNIX Programming Environment},
    publisher = {Prentice-Hall, Inc.},
    isbn = {978-0139376818},
}

@online{dash-shell,
    title = {Debian Almquist Shell (Dash)},
    url = {https://git.kernel.org/pub/scm/utils/dash/dash.git/},
    urldate = {2021-10-26},
}

@online{gnu-coreutils,
    title = {GNU Coreutils},
    url = {https://www.gnu.org/software/coreutils/},
    urldate = {2021-10-26},
}

% Relevant works references
@online{rpi-boot-gh,
    title = {\texttt{rpi-boot}: A second stage bootloader for the \gls{rpi}.},
    url = {https://github.com/jncronin/rpi-boot},
    urldate = {2021-11-28},
}
@online{raspberry-pi-os-gh,
    title = {\texttt{raspberry-pi-os}: Learning \gls{os} development using
             Linux kernel and \gls{rpi}.},
    url = {https://github.com/s-matyukevich/raspberry-pi-os},
    urldate = {2021-11-28},
}
@online{raspi3-tutorial-gh,
    title = {\texttt{raspi3-tutorial}: Bare metal \gls{rpi} 3 tutorials.},
    url = {https://github.com/bztsrc/raspi3-tutorial},
    urldate = {2021-11-28},
}
@online{linux-kernel-git,
    title = {The Linux kernel},
    version = {v5.15},
    url = {https://git.kernel.org/pub/scm/linux/kernel/git/torvalds/linux.git/snapshot/linux-5.15.tar.gz},
    urldate = {2021-11-28},
}
@online{netBSD-git,
    title = {NetBSD},
    url = {https://github.com/NetBSD/src},
    urldate = {2021-11-28},
}
@online{riscOS-source,
    title = {RiscOS},
    version = {5.29},
    url = {https://www.riscosopen.org/content/},
    urldate = {2021-11-28},
}
