@book{design-of-unix-os,
    author = {Bach, Maurice J.},
    year = {1986},
    title = {The Design of the UNIX Operating System},
    publisher = {Prentice-Hall, Inc.},
    isbn = {978-0132017992},
}

@online{osdev-wiki,
    title = {The OSDev Wiki},
    url = {wiki.osdev.org},
    urldate = {2021-10-20},
}

@book{unix-prog-env,
    author = {Kernighan, Brian W. and Pike, Rob},
    year = {1984},
    title = {The UNIX Programming Environment},
    publisher = {Prentice-Hall, Inc.},
    isbn = {978-0139376818},
}

@online{unix-like,
    title = {Unix-like},
    url = {https://en.wikipedia.org/w/index.php?title=Unix-like&oldid=1074888381},
    urldate = {2022-04-15},
}

@online{dash-shell,
    title = {Debian Almquist Shell (Dash)},
    url = {https://git.kernel.org/pub/scm/utils/dash/dash.git/},
    urldate = {2021-10-26},
}

@online{gnu-coreutils,
    title = {GNU Coreutils},
    url = {https://www.gnu.org/software/coreutils/},
    urldate = {2021-10-26},
}

% Relevant works references
@online{rpi-boot-gh,
    title = {\texttt{rpi-boot}: A second stage bootloader for the \gls{rpi}.},
    url = {https://github.com/jncronin/rpi-boot},
    urldate = {2021-11-28},
}
@online{raspberry-pi-os-gh,
    title = {\texttt{raspberry-pi-os}: Learning \gls{os} development using
             Linux kernel and \gls{rpi}.},
    url = {https://github.com/s-matyukevich/raspberry-pi-os},
    urldate = {2021-11-28},
}
@online{raspi3-tutorial-gh,
    title = {\texttt{raspi3-tutorial}: Bare metal \gls{rpi} 3 tutorials.},
    url = {https://github.com/bztsrc/raspi3-tutorial},
    urldate = {2021-11-28},
}
@online{linux-kernel-git,
    title = {The Linux kernel},
    version = {v5.15},
    url = {https://git.kernel.org/pub/scm/linux/kernel/git/torvalds/linux.git/snapshot/linux-5.15.tar.gz},
    urldate = {2021-11-28},
}
@online{netBSD-git,
    title = {NetBSD},
    url = {https://github.com/NetBSD/src},
    urldate = {2021-11-28},
}
@online{riscOS-source,
    title = {RiscOS},
    version = {5.29},
    url = {https://www.riscosopen.org/content/},
    urldate = {2021-11-28},
}
@online{dlmalloc,
    title = {DL malloc, a version of \texttt{malloc/realloc/free}},
    author = {Doug Lea},
    version = {2.8.6},
    url = {http://gee.cs.oswego.edu/pub/misc/malloc.c},
    urldate = {2021-11-28},
}

% Arm developer documentation
@online{arm-developer-regs,
    title = {ARM Cortex-A Series Programmer's Guide for ARMv8-A: System Registers},
    version = {1.0},
    url = {https://developer.arm.com/documentation/den0024/a/ARMv8-Registers/System-registers},
    urldate = {2021-12-01},
}

% Kernighan and Ritchie
@book{c-programming-language,
    author = {Brian W.Kernighan and Dennis M.Ritchie},
    title = {The C Programming Language},
    edition = {Second},
    year = {1988},
    ISBN = {978-0-13-110362-7},
}

% Sub-make
@online{sub-make,
    title = {Recursive use of \texttt{make}},
    url = {https://www.gnu.org/software/make/manual/html_node/Recursion.html},
    urldate = {2021-12-05},
}

% SW dev methodologies
@online{extreme-programming,
    title = {Extreme Programming: A gentle introduction},
    url = {http://www.extremeprogramming.org},
    urldate = {2021-12-11},
}
@online{test-driven-development,
    title = {Introduction to Test Driven Development (TDD)},
    url = {http://agiledata.org/essays/tdd.html},
    urldate = {2021-12-11},
}

% Text editor and plugins
@online{vim,
    title = {Vim - the ubiquitous text editor},
    url = {https://www.vim.org},
    urldate = {2021-12-11},
}
@online{vim-coc,
    title = {CoC.nvim: the Conquer of Completion},
    url = {https://github.com/neoclide/coc.nvim},
    urldate = {2021-12-11},
}
@online{clangd,
    title = {Clangd: teach your editor C++},
    url = {https://clangd.llvm.org/},
    urldate = {2021-12-12},
}
@online{clang-format,
    title = {ClangFormat},
    url = {https://clang.llvm.org/docs/ClangFormat.html},
    urldate = {2021-12-12},
}

% Emulator
@online{qemu,
    title = {A generic and open source machine emulator and virtualizer},
    url = {https://www.qemu.org},
    urldate = {2021-12-12},
}
@online{gdb,
    title = {GDB, the GNU Project debugger},
    url = {https://www.sourceware.org/gdb/},
    urldate = {2021-12-12},
}

% Font
@online{bizcat-font,
    title = {Bizcat - an 8x16 bitmap font},
    url = {https://robey.lag.net/2020/02/09/bizcat-bitmap-font.html},
    urldate = {2021-12-12},
}


% This document's source code
@online{this-document,
    title = {The source code (in \LaTeX) of the document you are reading},
    url = {https://github.com/Ytrewq13/YtrewqOS/tree/master/Documentation/dissertation/interim-report},
    urldate = {2021-12-05},
}
